<record><leader>00000cas a22000007a 4500</leader><controlfield tag="001">13353504</controlfield><controlfield tag="008">860327d1uuu1927aluwr ne      0    0eng d</controlfield><datafield ind1=" " ind2=" " tag="010"><subfield code="a">sn 86050114 </subfield></datafield><datafield ind1=" " ind2=" " tag="040"><subfield code="a">AAR</subfield><subfield code="b">eng</subfield><subfield code="c">AAR</subfield><subfield code="d">CPN</subfield><subfield code="d">OCLCQ</subfield></datafield><datafield ind1=" " ind2=" " tag="042"><subfield code="a">msc</subfield></datafield><datafield ind1="0" ind2="4" tag="245"><subfield code="a">The Collinsville courier.</subfield></datafield><datafield ind1="3" ind2="0" tag="246"><subfield code="a">Collinsville post</subfield></datafield><datafield ind1=" " ind2=" " tag="260"><subfield code="a">Collinsville, Ala. :</subfield><subfield code="b">E. Mosteller</subfield></datafield><datafield ind1=" " ind2=" " tag="300"><subfield code="a">v. :</subfield><subfield code="b">ill. ;</subfield><subfield code="c">50-56 cm.</subfield></datafield><datafield ind1="0" ind2=" " tag="362"><subfield code="a">-v. 45, no. 17 (Apr. 28, 1927).</subfield></datafield><datafield ind1=" " ind2=" " tag="500"><subfield code="a">Published as: Collinsville post, June 14, 1922-Jan. 24, 1923.</subfield></datafield><datafield ind1=" " ind2=" " tag="515"><subfield code="a">Also called: Vol. 1, no. 7 (June 14, 1922)-v. 2, no. 5 (Jan. 24, 1923).</subfield></datafield><datafield ind1=" " ind2=" " tag="588"><subfield code="a">Description based on: Vol. 8, no. 40 (Jan. 10, 1907).</subfield></datafield><datafield ind1=" " ind2=" " tag="752"><subfield code="a">United States</subfield><subfield code="b">Alabama</subfield><subfield code="c">DeKalb</subfield><subfield code="d">Collinsville.</subfield></datafield><datafield ind1="0" ind2="0" tag="785"><subfield code="t">Fort Payne tribune</subfield><subfield code="w">(DLC)sn 86050115</subfield></datafield><datafield ind1="1" ind2=" " tag="029"><subfield code="a">AU@</subfield><subfield code="b">000025838627</subfield></datafield></record>